@Manual{generalhoslemR,
    title = {generalhoslem: Goodness of Fit Tests for Logistic Regression Models},
    author = {Matthew Jay},
    year = {2019},
    note = {R package version 1.3.4},
    url = {https://CRAN.R-project.org/package=generalhoslem},
  }