@Manual{soilR,
    title = {SOIL: Sparsity Oriented Importance Learning},
    author = {Chenglong Ye and Yi Yang and Yuhong Yang},
    year = {2017},
    note = {R package version 1.1},
    url = {https://CRAN.R-project.org/package=SOIL},
  }
  
@Manual{glmvsdR,
    title = {glmvsd: Variable Selection Deviation Measures and Instability Tests for
High-Dimensional Generalized Linear Models},
    author = {Ying Nan and Yanjia Yu and Yuhong Yang and Yi Yang},
    year = {2016},
    note = {R package version 1.4},
    url = {https://CRAN.R-project.org/package=glmvsd},
  }
  
@inproceedings{chen2016xgboost,
  title={Xgboost: A scalable tree boosting system},
  author={Chen, Tianqi and Guestrin, Carlos},
  booktitle={Proceedings of the 22nd acm sigkdd international conference on knowledge discovery and data mining},
  pages={785--794},
  year={2016}
}